@book{Gu2003,
  annote          = {最经典的书},
  author          = {Gu, Keqin and Chen, Jie and Kharitonov, Vladimir L},
  file            = {:D\:/资料/mendeley整理文献/Unknown/Gu, Chen, Kharitonov/2003/Stability of Time-Delay Systems (Control Engineering) (Keqin Gu, Vladimir L. Kharitonov, Jie Chen) (z-lib.org).pdf:pdf},
  isbn            = {0817642129},
  mendeley-groups = {论文参考文献/论文7参考文献,论文参考文献/论文8,论文参考文献/论文8.1借鉴,论文参考文献/论文8.1借鉴/常规书},
  publisher       = {Springer Science \& Business Media},
  title           = {{Stability of time-delay systems}},
  year            = {2003}
}