
@incollection{Arem2016a,
  title     = {Integrated Traffic Flow Models and Analysis for Automated Vehicles},
  booktitle = {Road Vehicle Automation 3},
  author    = {van Arem, Bart and Abbas, Montasir M and Li, Xiaopeng and Head, Larry and Zhou, Xuesong and Chen, Danjue and Bertini, Robert and Mattingly, Stephen P and Wang, Haizhong and Orosz, Gabor},
  year      = {2016},
  pages     = {249--258},
  publisher = {Springer}
}
@article{wang2016fuzzy,
  title     = {Fuzzy-model-based sampled-data control of chaotic systems: A fuzzy time-dependent Lyapunov--Krasovskii functional approach},
  author    = {Wang, Yueying and Xia, Yuanqing and Zhou, Pingfang},
  journal   = {IEEE Transactions on fuzzy systems},
  volume    = {25},
  number    = {6},
  pages     = {1672--1684},
  year      = {2016},
  publisher = {IEEE}
}
@article{lian2020dissipativity,
  title     = {Dissipativity analysis for neural networks with time-varying delays via a delay-product-type Lyapunov functional approach},
  author    = {Lian, Hong-Hai and Xiao, Shen-Ping and Yan, Huaicheng and Yang, Fuwen and Zeng, Hong-Bing},
  journal   = {IEEE transactions on neural networks and learning systems},
  volume    = {32},
  number    = {3},
  pages     = {975--984},
  year      = {2020},
  publisher = {IEEE}
}
@book{Kolmanovskii1999,
  title     = {Introduction to the Theory and Applications of Functional Differential Equations},
  author    = {Kolmanovskii, V. and Myshkis, A.},
  year      = {1999},
  publisher = {Springer Netherlands},
  address   = {Dordrecht},
  doi       = {10.1007/978-94-017-1965-0},
  isbn      = {978-90-481-5148-6 978-94-017-1965-0},
  langid    = {english}
}
@article{Behrendt2022,
  title        = {A Prescriptive Machine Learning Method for Courier Scheduling on Crowdsourced Delivery Platforms},
  author       = {Behrendt, Adam and Savelsbergh, Martin and Wang, He},
  year         = {2022},
  journal      = {Transportation Science},
  shortjournal = {Transportation Science},
  publisher    = {INFORMS},
  issn         = {0041-1655}
}

@article{Brunner2022,
  title        = {Comparing the Observable Response Times of ACC and CACC Systems},
  author       = {Brunner, Johannes S and Makridis, Michail A and Kouvelas, Anastasios},
  year         = {2022},
  journal      = {IEEE Transactions on Intelligent Transportation Systems},
  shortjournal = {IEEE Transactions on Intelligent Transportation Systems},
  publisher    = {IEEE},
  issn         = {1524-9050}
}

@article{Coskun2021,
  title        = {Quadratic Programming-Based Cooperative Adaptive Cruise Control under Uncertainty via Receding Horizon Strategy},
  author       = {Coskun, Serdar and Huang, Cong and Zhang, Fengqi},
  year         = {2021},
  journal      = {Transactions of the Institute of Measurement and Control},
  shortjournal = {Transactions of the Institute of Measurement and Control},
  volume       = {43},
  number       = {13},
  pages        = {2899--2911},
  publisher    = {SAGE Publications Sage UK: London, England},
  issn         = {0142-3312}
}

@inproceedings{Delis2016,
  title     = {Simulation of the Penetration Rate Effects of ACC and CACC on Macroscopic Traffic Dynamics},
  author    = {Delis, Anargiros I and Nikolos, Ioannis K and Papageorgiou, Markos},
  year      = {2016},
  pages     = {336--341},
  publisher = {IEEE},
  booktitle = {2016 IEEE 19th International Conference on Intelligent Transportation Systems (ITSC)},
  isbn      = {1-5090-1889-1}
}

@article{Flores2018a,
  title        = {Fractional-Order-Based ACC/CACC Algorithm for Improving String Stability},
  author       = {Flores, Carlos and Milanés, Vicente},
  year         = {2018},
  journal      = {Transportation Research Part C: Emerging Technologies},
  shortjournal = {Transportation Research Part C: Emerging Technologies},
  volume       = {95},
  pages        = {381--393},
  publisher    = {Elsevier},
  issn         = {0968-090X}
}

@article{Fricker2004,
  title        = {Fundamentals of Transportation Engineering},
  author       = {Fricker, Jon D and Whitford, Robert K},
  year         = {2004},
  journal      = {A Multimodal Systems Approach. Inc. Upper Saddle River, New Jersey, USA},
  shortjournal = {A Multimodal Systems Approach. Inc. Upper Saddle River, New Jersey, USA}
}

@article{Gong2018a,
  title        = {Cooperative Platoon Control for a Mixed Traffic Flow Including Human Drive Vehicles and Connected and Autonomous Vehicles},
  author       = {Gong, Siyuan and Du, Lili},
  year         = {2018},
  journal      = {Transportation research part B: methodological},
  shortjournal = {Transportation research part B: methodological},
  volume       = {116},
  pages        = {25--61},
  publisher    = {Elsevier},
  issn         = {0191-2615}
}

@book{Hay1977,
  title  = {An Introduction to Transportation Engineering},
  author = {Hay, William Walter},
  year   = {1977},
  volume = {2},
  isbn   = {0-471-36433-9},
  issue  = {Monograph}
}

@article{Ioannou2005,
  title        = {Evaluation of ACC Vehicles in Mixed Traffic: Lane Change Effects and Sensitivity Analysis},
  author       = {Ioannou, Petros A and Stefanovic, Margareta},
  year         = {2005},
  journal      = {IEEE Transactions on Intelligent Transportation Systems},
  shortjournal = {IEEE Transactions on Intelligent Transportation Systems},
  volume       = {6},
  number       = {1},
  pages        = {79--89},
  publisher    = {IEEE},
  issn         = {1524-9050}
}

@article{Kerner2021,
  title        = {Effect of Autonomous Driving on Traffic Breakdown in Mixed Traffic Flow: A Comparison of Classical ACC with Three-Traffic-Phase-ACC (TPACC)},
  author       = {Kerner, Boris S},
  year         = {2021},
  journal      = {Physica A: Statistical Mechanics and its Applications},
  shortjournal = {Physica A: Statistical Mechanics and its Applications},
  volume       = {562},
  pages        = {125315},
  publisher    = {Elsevier},
  issn         = {0378-4371}
}

@incollection{Kesting2007,
  title     = {Jam-Avoiding Adaptive Cruise Control (ACC) and Its Impact on Traffic Dynamics},
  booktitle = {Traffic and Granular Flow'05},
  author    = {Kesting, Arne and Treiber, Martin and Schönhof, Martin and Kranke, Florian and Helbing, Dirk},
  year      = {2007},
  pages     = {633--643},
  publisher = {Springer}
}

@article{Kim2021,
  title        = {Congestion-Aware Cooperative Adaptive Cruise Control for Mitigation of Self-Organized Traffic Jams},
  author       = {Kim, Taehooie and Jerath, Kshitij},
  year         = {2021},
  journal      = {IEEE Transactions on Intelligent Transportation Systems},
  shortjournal = {IEEE Transactions on Intelligent Transportation Systems},
  publisher    = {IEEE},
  issn         = {1524-9050}
}

@article{Kollar2006a,
  title        = {Frequency Domain System Identification Toolbox for MATLAB: Characterizing Nonlinear Errors of Linear Models},
  author       = {Kollár, István and Pintelon, Rik and Schoukens, Johan},
  year         = {2006},
  journal      = {IFAC Proceedings Volumes},
  shortjournal = {IFAC Proceedings Volumes},
  volume       = {39},
  number       = {1},
  pages        = {726--731},
  publisher    = {Elsevier},
  issn         = {1474-6670}
}

@article{Lai2020,
  title        = {A Generic Simulation Platform for Cooperative Adaptive Cruise Control under Partially Connected and Automated Environment},
  author       = {Lai, Jintao and Hu, Jia and Cui, Lian and Chen, Zheng and Yang, Xiaoguang},
  year         = {2020},
  journal      = {Transportation Research Part C: Emerging Technologies},
  shortjournal = {Transportation Research Part C: Emerging Technologies},
  volume       = {121},
  pages        = {102874},
  publisher    = {Elsevier},
  issn         = {0968-090X}
}

@article{Liu2021b,
  title        = {Improving Comfort Level in Traffic Flow of CACC Vehicles at Lane Drop on Two-Lane Highways},
  author       = {Liu, Huaqing and Jiang, Rui},
  year         = {2021},
  journal      = {Physica A: Statistical Mechanics and its Applications},
  shortjournal = {Physica A: Statistical Mechanics and its Applications},
  volume       = {575},
  pages        = {126055},
  publisher    = {Elsevier},
  issn         = {0378-4371}
}
@article{zhang1997stability,
  title     = {Stability analysis of the classical car-following model},
  author    = {Zhang, Xiaoyan and Jarrett, David F},
  journal   = {Transportation Research Part B: Methodological},
  volume    = {31},
  number    = {6},
  pages     = {441--462},
  year      = {1997},
  publisher = {Elsevier}
}
@book{Ljung1995a,
  title     = {System Identification Toolbox: User's Guide},
  author    = {Ljung, Lennart},
  year      = {1995},
  publisher = {Citeseer}
}
@article{li2010lyapunov,
  title   = {Lyapunov stability analysis for the full velocity difference car-following model},
  author  = {Li, Yongfu and Sun, Dihua and Cui, Mingyue},
  journal = {Control Theory \& Applications},
  volume  = {12},
  pages   = {014},
  year    = {2010}
}
@article{lhachemi2020feedback,
  title     = {Feedback stabilization of a class of diagonal infinite-dimensional systems with delay boundary control},
  author    = {Lhachemi, Hugo and Prieur, Christophe},
  journal   = {IEEE Transactions on Automatic Control},
  volume    = {66},
  number    = {1},
  pages     = {105--120},
  year      = {2020},
  publisher = {IEEE}
}
@article{fridman2006descriptor,
  title     = {Descriptor discretized Lyapunov functional method: analysis and design},
  author    = {Fridman, Emilia},
  journal   = {IEEE Transactions on Automatic control},
  volume    = {51},
  number    = {5},
  pages     = {890--897},
  year      = {2006},
  publisher = {IEEE}
}
@article{li2013stability,
  title     = {On the stability analysis of microscopic traffic car-following model: a case study},
  author    = {Li, Yongfu and Zhu, Hao and Cen, Min and Li, Yinguo and Li, Rui and Sun, Dihua},
  journal   = {Nonlinear Dynamics},
  volume    = {74},
  number    = {1},
  pages     = {335--343},
  year      = {2013},
  publisher = {Springer}
}
@inproceedings{kamath2015car,
  title        = {Car-following models with delayed feedback: local stability and Hopf bifurcation},
  author       = {Kamath, Gopal Krishna and Jagannathan, Krishna and Raina, Gaurav},
  booktitle    = {2015 53rd Annual Allerton Conference on Communication, Control, and Computing (Allerton)},
  pages        = {538--545},
  year         = {2015},
  organization = {IEEE}
}
@article{sun_stability_2018,
  title   = {Stability analysis methods and their applicability to car-following models in conventional and connected environments},
  volume  = {109},
  issn    = {0191-2615},
  journal = {Transportation research part B: methodological},
  author  = {Sun, Jie and Zheng, Zuduo and Sun, Jian},
  year    = {2018},
  note    = {Publisher: Elsevier},
  pages   = {212--237}
}
@article{herman1959traffic,
  title     = {Traffic dynamics: analysis of stability in car following},
  author    = {Herman, Robert and Montroll, Elliott W and Potts, Renfrey B and Rothery, Richard W},
  journal   = {Operations research},
  volume    = {7},
  number    = {1},
  pages     = {86--106},
  year      = {1959},
  publisher = {INFORMS}
}
@article{Ma2021,
  title        = {Trajectory Planning for Connected and Automated Vehicles at Isolated Signalized Intersections under Mixed Traffic Environment},
  author       = {Ma, Chengyuan and Yu, Chunhui and Yang, Xiaoguang},
  year         = {2021},
  journal      = {Transportation research part C: emerging technologies},
  shortjournal = {Transportation research part C: emerging technologies},
  volume       = {130},
  pages        = {103309},
  publisher    = {Elsevier},
  issn         = {0968-090X}
}

@article{Mahdinia2020,
  title        = {Safety, Energy, and Emissions Impacts of Adaptive Cruise Control and Cooperative Adaptive Cruise Control},
  author       = {Mahdinia, Iman and Arvin, Ramin and Khattak, Asad J and Ghiasi, Amir},
  year         = {2020},
  journal      = {Transportation Research Record},
  shortjournal = {Transportation Research Record},
  volume       = {2674},
  number       = {6},
  pages        = {253--267},
  publisher    = {SAGE Publications Sage CA: Los Angeles, CA},
  issn         = {0361-1981}
}

@article{Mak2011,
  title  = {Design and Implementation of Cooperative Adaptive Cruise Control},
  author = {Mak, Spencer and Bjäde, Mattias},
  year   = {2011}
}

@article{Malik2022,
  title        = {Two-Level Capacitated Discrete Location with Concave Costs},
  author       = {Malik, Aditya and Contreras, Ivan and Vidyarthi, Navneet},
  year         = {2022},
  journal      = {Transportation Science},
  shortjournal = {Transportation Science},
  publisher    = {INFORMS},
  issn         = {0041-1655}
}

@inproceedings{Mannoni2019,
  title     = {A Comparison of the V2X Communication Systems: ITS-G5 and C-V2X},
  author    = {Mannoni, Valerian and Berg, Vincent and Sesia, Stefania and Perraud, Eric},
  year      = {2019},
  pages     = {1--5},
  publisher = {IEEE},
  booktitle = {2019 IEEE 89th Vehicular Technology Conference (VTC2019-Spring)},
  isbn      = {1-72811-217-6}
}

@article{Martin-Sacristan2020a,
  title        = {Low-Latency Infrastructure-Based Cellular V2V Communications for Multi-Operator Environments with Regional Split},
  author       = {Martín-Sacristán, David and Roger, Sandra and Garcia-Roger, David and Monserrat, Jose F and Spapis, Panagiotis and Zhou, Chan and Kaloxylos, Alexandros},
  year         = {2020},
  journal      = {IEEE Transactions on Intelligent Transportation Systems},
  shortjournal = {IEEE Transactions on Intelligent Transportation Systems},
  volume       = {22},
  number       = {2},
  pages        = {1052--1067},
  publisher    = {IEEE},
  issn         = {1524-9050}
}

@article{Mohajerpoor2020,
  title        = {H $\infty$ Robust Perimeter Flow Control in Urban Networks with Partial Information Feedback},
  author       = {Mohajerpoor, Reza and Saberi, Meead and Vu, Hai L and Garoni, Timothy M and Ramezani, Mohsen},
  year         = {2020},
  journal      = {Transportation Research Part B: Methodological},
  shortjournal = {Transportation Research Part B: Methodological},
  volume       = {137},
  pages        = {47--73},
  publisher    = {Elsevier},
  issn         = {0191-2615}
}

@inproceedings{Mu2021,
  title     = {Assessment of Cooperative Adaptive Cruise Control in Mixed Traffic on Arterial Roads},
  author    = {Mu, Zeyu and Chen, Zheng and Sakr, Ahmed Hamdi and Ryu, Seunghan and Wang, Tianye and Avedisov, Sergei S and Guo, Rui and Park, B Brian},
  year      = {2021},
  pages     = {3851--3856},
  publisher = {IEEE},
  booktitle = {2021 IEEE International Intelligent Transportation Systems Conference (ITSC)},
  isbn      = {1-72819-142-4}
}

@article{Naus2010a,
  title        = {String-Stable CACC Design and Experimental Validation: A Frequency-Domain Approach},
  author       = {Naus, Gerrit JL and Vugts, Rene PA and Ploeg, Jeroen and van De Molengraft, Marinus JG and Steinbuch, Maarten},
  options      = {useprefix=true},
  year         = {2010},
  journal      = {IEEE Transactions on vehicular technology},
  shortjournal = {IEEE Transactions on vehicular technology},
  volume       = {59},
  number       = {9},
  pages        = {4268--4279},
  publisher    = {IEEE},
  issn         = {0018-9545}
}

@article{Navas2019a,
  title        = {Mixing V2V-and Non-V2V-Equipped Vehicles in Car Following},
  author       = {Navas, Francisco and Milanés, Vicente},
  year         = {2019},
  journal      = {Transportation research part C: emerging technologies},
  shortjournal = {Transportation research part C: emerging technologies},
  volume       = {108},
  pages        = {167--181},
  publisher    = {Elsevier},
  issn         = {0968-090X}
}

@article{Ngoduy2012,
  title        = {Application of Gas-Kinetic Theory to Modelling Mixed Traffic of Manual and ACC Vehicles},
  author       = {Ngoduy, D},
  year         = {2012},
  journal      = {Transportmetrica},
  shortjournal = {Transportmetrica},
  volume       = {8},
  number       = {1},
  pages        = {43--60},
  publisher    = {Taylor \& Francis},
  issn         = {1812-8602}
}

@inproceedings{Nikolos2015a,
  title     = {Macroscopic Modelling and Simulation of ACC and CACC Traffic},
  author    = {Nikolos, Ioannis K and Delis, Anargiros I and Papageorgiou, Markos},
  year      = {2015},
  pages     = {2129--2134},
  publisher = {IEEE},
  booktitle = {2015 IEEE 18th International Conference on Intelligent Transportation Systems},
  isbn      = {1-4673-6596-3}
}

@book{Ogata1995,
  title     = {Discrete-Time Control Systems},
  author    = {Ogata, Katsuhiko},
  year      = {1995},
  publisher = {Prentice-Hall, Inc.},
  isbn      = {0-13-034281-5}
}

@article{Ozdemir2017a,
  title        = {Transfer Function Estimation in System Identification Toolbox via Vector Fitting},
  author       = {Ozdemir, Ahmet Arda and Gumussoy, Suat},
  year         = {2017},
  journal      = {IFAC-PapersOnLine},
  shortjournal = {IFAC-PapersOnLine},
  volume       = {50},
  number       = {1},
  pages        = {6232--6237},
  publisher    = {Elsevier},
  issn         = {2405-8963}
}

@article{POPEO2020,
  title  = {Federal Communications Commission},
  author = {POPEO, PC},
  year   = {2020}
}

@article{Qin2021a,
  title        = {Lighthill-Whitham-Richards Model for Traffic Flow Mixed with Cooperative Adaptive Cruise Control Vehicles},
  author       = {Qin, Yanyan and Wang, Hao and Ni, Daiheng},
  year         = {2021},
  journal      = {Transportation Science},
  shortjournal = {Transportation Science},
  volume       = {55},
  number       = {4},
  pages        = {883--907},
  publisher    = {INFORMS},
  issn         = {0041-1655}
}

@unpublished{Razzaghpour2022,
  title         = {Impact of Information Flow Topology on Safety of Tightly-Coupled Connected and Automated Vehicle Platoons Utilizing Stochastic Control},
  author        = {Razzaghpour, Mahdi and Mosharafian, Sahand and Raftari, Arash and Velni, Javad Mohammadpour and Fallah, Yaser P},
  year          = {2022},
  shortjournal  = {arXiv preprint arXiv:2203.15772},
  eprint        = {2203.15772},
  eprinttype    = {arxiv},
  archiveprefix = {arXiv}
}

@article{Ruan2022,
  title        = {Impacts of Information Flow Topology on Traffic Dynamics of CAV-MV Heterogeneous Flow},
  author       = {Ruan, Tiancheng and Wang, Hao and Zhou, Linjie and Zhang, Yantang and Dong, Changyin and Zuo, Zewen},
  year         = {2022},
  journal      = {IEEE Transactions on Intelligent Transportation Systems},
  shortjournal = {IEEE Transactions on Intelligent Transportation Systems},
  publisher    = {IEEE},
  issn         = {1524-9050}
}

@article{Rudin-Brown2004,
  title        = {Behavioural Adaptation to Adaptive Cruise Control (ACC): Implications for Preventive Strategies},
  author       = {Rudin-Brown, Christina M and Parker, Heather A},
  year         = {2004},
  journal      = {Transportation Research Part F: Traffic Psychology and Behaviour},
  shortjournal = {Transportation Research Part F: Traffic Psychology and Behaviour},
  volume       = {7},
  number       = {2},
  pages        = {59--76},
  publisher    = {Elsevier},
  issn         = {1369-8478}
}

@article{Saito2016,
  title        = {Shared Control in Risk Predictive Braking Maneuver for Preventing Collisions with Pedestrians},
  author       = {Saito, Yuichi and Raksincharoensak, Pongsathorn},
  year         = {2016},
  journal      = {IEEE Transactions on Intelligent Vehicles},
  shortjournal = {IEEE Transactions on Intelligent Vehicles},
  volume       = {1},
  number       = {4},
  pages        = {314--324},
  publisher    = {IEEE},
  issn         = {2379-8904}
}

@article{Sehla2022,
  title        = {Resource Allocation Modes in C-V2X: From LTE-V2X to 5G-V2X},
  author       = {Sehla, Khabaz and Nguyen, Thi Mai Trang and Pujolle, Guy and Velloso, Pedro Braconnot},
  year         = {2022},
  journal      = {IEEE Internet of Things Journal},
  shortjournal = {IEEE Internet of Things Journal},
  publisher    = {IEEE},
  issn         = {2327-4662}
}

@article{Shamma1994,
  title        = {Robust Stability with Time-Varying Structured Uncertainty},
  author       = {Shamma, Jeff S},
  year         = {1994},
  journal      = {IEEE Transactions on Automatic Control},
  shortjournal = {IEEE Transactions on Automatic Control},
  volume       = {39},
  number       = {4},
  pages        = {714--724},
  publisher    = {IEEE},
  issn         = {0018-9286}
}

@article{Silgu2020,
  title        = {Network-Wide Emission Effects of Cooperative Adaptive Cruise Control with Signal Control at Intersections},
  author       = {Silgu, Mehmet Ali and Erdağ, İsmet Gökşad and Çelikoğlu, Hilmi Berk},
  year         = {2020},
  journal      = {Transportation Research Procedia},
  shortjournal = {Transportation Research Procedia},
  volume       = {47},
  pages        = {545--552},
  publisher    = {Elsevier},
  issn         = {2352-1465}
}

@article{Smith2016,
  title        = {A Route-Swapping Dynamical System and Lyapunov Function for Stochastic User Equilibrium},
  author       = {Smith, Michael J and Watling, David P},
  year         = {2016},
  journal      = {Transportation Research Part B: Methodological},
  shortjournal = {Transportation Research Part B: Methodological},
  volume       = {85},
  pages        = {132--141},
  publisher    = {Elsevier},
  issn         = {0191-2615}
}

@inproceedings{Taheri1990,
  title     = {Investigation of a Combined Slip Control Braking and Closed Loop Four Wheel Steering System for an Automobile during Combined Hard Braking and Severe Steering},
  author    = {Taheri, Saied and Law, E Harry},
  year      = {1990},
  pages     = {1862--1867},
  publisher = {IEEE},
  booktitle = {1990 American Control Conference}
}

@article{Talebpour2017a,
  title        = {Effect of Information Availability on Stability of Traffic Flow: Percolation Theory Approach},
  author       = {Talebpour, Alireza and Mahmassani, Hani S and Hamdar, Samer H},
  year         = {2017},
  journal      = {Transportation Research Procedia},
  shortjournal = {Transportation Research Procedia},
  volume       = {23},
  pages        = {81--100},
  publisher    = {Elsevier},
  issn         = {2352-1465}
}

@article{vanLint2016,
  title        = {Getting the Human Factor into Traffic Flow Models: New Open-Source Design to Simulate next Generation of Traffic Operations},
  author       = {van Lint, Hans and Schakel, Wouter and Tamminga, Guus and Knoppers, Peter and Verbraeck, Alexander},
  options      = {useprefix=true},
  year         = {2016},
  journal      = {Transportation Research Record},
  shortjournal = {Transportation Research Record},
  volume       = {2561},
  number       = {1},
  pages        = {25--33},
  publisher    = {SAGE Publications Sage CA: Los Angeles, CA},
  issn         = {0361-1981}
}

@unpublished{Vu2020a,
  title         = {Multi-Agent Reinforcement Learning for Joint Channel Assignment and Power Allocation in Platoon-Based C-V2X Systems},
  author        = {Vu, Hung V and Liu, Zheyu and Nguyen, Duy HN and Morawski, Robert and Le-Ngoc, Tho},
  year          = {2020},
  shortjournal  = {arXiv preprint arXiv:2011.04555},
  eprint        = {2011.04555},
  eprinttype    = {arxiv},
  archiveprefix = {arXiv}
}

@article{Vukadinovic2018a,
  title        = {3GPP C-V2X and IEEE 802.11 p for Vehicle-to-Vehicle Communications in Highway Platooning Scenarios},
  author       = {Vukadinovic, Vladimir and Bakowski, Krzysztof and Marsch, Patrick and Garcia, Ian Dexter and Xu, Hua and Sybis, Michal and Sroka, Pawel and Wesolowski, Krzysztof and Lister, David and Thibault, Ilaria},
  year         = {2018},
  journal      = {Ad Hoc Networks},
  shortjournal = {Ad Hoc Networks},
  volume       = {74},
  pages        = {17--29},
  publisher    = {Elsevier},
  issn         = {1570-8705}
}
@book{rajamani2011vehicle,
  title     = {Vehicle dynamics and control},
  author    = {Rajamani, Rajesh},
  year      = {2011},
  publisher = {Springer Science \& Business Media}
}
@article{milanes2014modeling,
  title     = {Modeling cooperative and autonomous adaptive cruise control dynamic responses using experimental data},
  author    = {Milan{\'e}s, Vicente and Shladover, Steven E},
  journal   = {Transportation Research Part C: Emerging Technologies},
  volume    = {48},
  pages     = {285--300},
  year      = {2014},
  publisher = {Elsevier}
}

@article{Wang2018e,
  title        = {Infrastructure Assisted Adaptive Driving to Stabilise Heterogeneous Vehicle Strings},
  author       = {Wang, Meng},
  year         = {2018},
  journal      = {Transportation Research Part C: Emerging Technologies},
  shortjournal = {Transportation Research Part C: Emerging Technologies},
  volume       = {91},
  pages        = {276--295},
  publisher    = {Elsevier},
  issn         = {0968-090X}
}

@article{Wang2019a,
  title        = {A Real-Time Deployable Model Predictive Control-Based Cooperative Platooning Approach for Connected and Autonomous Vehicles},
  author       = {Wang, Jian and Gong, Siyuan and Peeta, Srinivas and Lu, Lili},
  year         = {2019},
  journal      = {Transportation Research Part B: Methodological},
  shortjournal = {Transportation Research Part B: Methodological},
  volume       = {128},
  pages        = {271--301},
  publisher    = {Elsevier},
  issn         = {0191-2615}
}

@article{Wang2020c,
  title        = {Cooperative Adaptive Cruise Control for Connected Autonomous Vehicles by Factoring Communication-Related Constraints},
  author       = {Wang, Chaojie and Gong, Siyuan and Zhou, Anye and Li, Tao and Peeta, Srinivas},
  year         = {2020},
  journal      = {Transportation Research Part C: Emerging Technologies},
  shortjournal = {Transportation Research Part C: Emerging Technologies},
  volume       = {113},
  pages        = {124--145},
  publisher    = {Elsevier},
  issn         = {0968-090X}
}

@article{Wang2022,
  title        = {Ego-Efficient Lane Changes of Connected and Automated Vehicles with Impacts on Traffic Flow},
  author       = {Wang, Yibing and Wang, Long and Guo, Jingqiu and Papamichail, Ioannis and Papageorgiou, Markos and Wang, Fei-Yue and Bertini, Robert and Hua, Wei and Yang, Qinmin},
  year         = {2022},
  journal      = {Transportation research part C: emerging technologies},
  shortjournal = {Transportation research part C: emerging technologies},
  volume       = {138},
  pages        = {103478},
  publisher    = {Elsevier},
  issn         = {0968-090X}
}

@article{Wu2004,
  title        = {Delay-Dependent Criteria for Robust Stability of Time-Varying Delay Systems},
  author       = {Wu, Min and He, Yong and She, Jin-Hua and Liu, Guo-Ping},
  year         = {2004},
  journal      = {Automatica},
  shortjournal = {Automatica},
  volume       = {40},
  number       = {8},
  pages        = {1435--1439},
  publisher    = {Elsevier},
  issn         = {0005-1098}
}

@article{Wu2021,
  title        = {Global Uniform Asymptotical Stability for Fractional-Order Gene Regulatory Networks with Time-Varying Delays and Structured Uncertainties},
  author       = {Wu, Zhaohua and Wang, Zhiming and Zhou, Tiejun},
  year         = {2021},
  journal      = {Advances in Difference Equations},
  shortjournal = {Advances in Difference Equations},
  volume       = {2021},
  number       = {1},
  pages        = {1--18},
  publisher    = {SpringerOpen},
  issn         = {1687-1847}
}

@article{Wu2022,
  title        = {Unsupervised Learning-Driven Matheuristic for Production-Distribution Problems},
  author       = {Wu, Tao and Zhang, Canrong and Chen, Weiwei and Liang, Zhe and Zhang, Xiaoning},
  year         = {2022},
  journal      = {Transportation Science},
  shortjournal = {Transportation Science},
  publisher    = {INFORMS},
  issn         = {0041-1655}
}

@article{Yang2021,
  title        = {A Cooperative Driving Framework for Urban Arterials in Mixed Traffic Conditions},
  author       = {Yang, Zhen and Feng, Yiheng and Liu, Henry X},
  year         = {2021},
  journal      = {Transportation research part C: emerging technologies},
  shortjournal = {Transportation research part C: emerging technologies},
  volume       = {124},
  pages        = {102918},
  publisher    = {Elsevier},
  issn         = {0968-090X}
}

@article{Ye2018a,
  title        = {Impact of Dedicated Lanes for Connected and Autonomous Vehicle on Traffic Flow Throughput},
  author       = {Ye, Lanhang and Yamamoto, Toshiyuki},
  year         = {2018},
  journal      = {Physica A: Statistical Mechanics and its Applications},
  shortjournal = {Physica A: Statistical Mechanics and its Applications},
  volume       = {512},
  pages        = {588--597},
  publisher    = {Elsevier},
  issn         = {0378-4371}
}

@article{Yu2021a,
  title        = {Automated Vehicle-Involved Traffic Flow Studies: A Survey of Assumptions, Models, Speculations, and Perspectives},
  author       = {Yu, Haiyang and Jiang, Rui and He, Zhengbing and Zheng, Zuduo and Li, Li and Liu, Runkun and Chen, Xiqun},
  year         = {2021},
  journal      = {Transportation research part C: emerging technologies},
  shortjournal = {Transportation research part C: emerging technologies},
  volume       = {127},
  pages        = {103101},
  publisher    = {Elsevier},
  issn         = {0968-090X}
}

@article{Zhang2021,
  title        = {Integrated Velocity Prediction Method and Application in Vehicle-Environment Cooperative Control Based on Internet of Vehicles},
  author       = {Zhang, Yuanjian and Chen, Zheng and Li, Guang and Liu, Yonggang and Huang, Yanjun and Cunningham, Geoff and Early, Juliana},
  year         = {2021},
  journal      = {IEEE Transactions on Vehicular Technology},
  shortjournal = {IEEE Transactions on Vehicular Technology},
  volume       = {71},
  number       = {3},
  pages        = {2639--2654},
  publisher    = {IEEE},
  issn         = {0018-9545}
}

@article{Zhao2020,
  title        = {A Distributionally Robust Stochastic Optimization-Based Model Predictive Control with Distributionally Robust Chance Constraints for Cooperative Adaptive Cruise Control under Uncertain Traffic Conditions},
  author       = {Zhao, Shuaidong and Zhang, Kuilin},
  year         = {2020},
  journal      = {Transportation Research Part B: Methodological},
  shortjournal = {Transportation Research Part B: Methodological},
  volume       = {138},
  pages        = {144--178},
  publisher    = {Elsevier},
  issn         = {0191-2615}
}

@inproceedings{Zheng2014a,
  title     = {Influence of Information Flow Topology on Closed-Loop Stability of Vehicle Platoon with Rigid Formation},
  author    = {Zheng, Yang and Li, Shengbo Eben and Wang, Jianqiang and Li, Keqiang},
  year      = {2014},
  pages     = {2094--2100},
  publisher = {IEEE},
  booktitle = {17th International IEEE Conference on Intelligent Transportation Systems (ITSC)},
  isbn      = {1-4799-6078-0}
}

@article{Zheng2015a,
  title        = {Stability and Scalability of Homogeneous Vehicular Platoon: Study on the Influence of Information Flow Topologies},
  author       = {Zheng, Yang and Li, Shengbo Eben and Wang, Jianqiang and Cao, Dongpu and Li, Keqiang},
  year         = {2015},
  journal      = {IEEE Transactions on intelligent transportation systems},
  shortjournal = {IEEE Transactions on intelligent transportation systems},
  volume       = {17},
  number       = {1},
  pages        = {14--26},
  publisher    = {IEEE},
  issn         = {1524-9050}
}

@article{Zhong2018,
  title        = {Robust Perimeter Control for Two Urban Regions with Macroscopic Fundamental Diagrams: A Control-Lyapunov Function Approach},
  author       = {Zhong, RX and Chen, Chen and Huang, YP and Sumalee, Agachai and Lam, WHK and Xu, DB},
  year         = {2018},
  journal      = {Transportation Research Part B: Methodological},
  shortjournal = {Transportation Research Part B: Methodological},
  volume       = {117},
  pages        = {687--707},
  publisher    = {Elsevier},
  issn         = {0191-2615}
}

@article{Zhong2020a,
  title        = {Influence of CAV Clustering Strategies on Mixed Traffic Flow Characteristics: An Analysis of Vehicle Trajectory Data},
  author       = {Zhong, Zijia and Lee, Earl E and Nejad, Mark and Lee, Joyoung},
  year         = {2020},
  journal      = {Transportation Research Part C: Emerging Technologies},
  shortjournal = {Transportation Research Part C: Emerging Technologies},
  volume       = {115},
  pages        = {102611},
  publisher    = {Elsevier},
  issn         = {0968-090X}
}

@article{Zhou2017a,
  title        = {Rolling Horizon Stochastic Optimal Control Strategy for ACC and CACC under Uncertainty},
  author       = {Zhou, Yang and Ahn, Soyoung and Chitturi, Madhav and Noyce, David A},
  year         = {2017},
  journal      = {Transportation Research Part C: Emerging Technologies},
  shortjournal = {Transportation Research Part C: Emerging Technologies},
  volume       = {83},
  pages        = {61--76},
  publisher    = {Elsevier},
  issn         = {0968-090X}
}

@article{Zhou2019c,
  title        = {Distributed Model Predictive Control Approach for Cooperative Car-Following with Guaranteed Local and String Stability},
  author       = {Zhou, Yang and Wang, Meng and Ahn, Soyoung},
  year         = {2019},
  journal      = {Transportation research part B: methodological},
  shortjournal = {Transportation research part B: methodological},
  volume       = {128},
  pages        = {69--86},
  publisher    = {Elsevier},
  issn         = {0191-2615}
}

@article{Zhou2021a,
  title        = {Impact of CAV Platoon Management on Traffic Flow Considering Degradation of Control Mode},
  author       = {Zhou, Linjie and Ruan, Tiancheng and Ma, Ke and Dong, Changyin and Wang, Hao},
  year         = {2021},
  journal      = {Physica A: Statistical Mechanics and its Applications},
  shortjournal = {Physica A: Statistical Mechanics and its Applications},
  volume       = {581},
  pages        = {126193},
  publisher    = {Elsevier},
  issn         = {0378-4371}
}
@article{gu2001further,
  title     = {A further refinement of discretized Lyapunov functional method for the stability of time-delay systems},
  author    = {Gu, Keqin},
  journal   = {International Journal of Control},
  volume    = {74},
  number    = {10},
  pages     = {967--976},
  year      = {2001},
  publisher = {Taylor \& Francis}
}
@book{gu2003stability,
  title     = {Stability of time-delay systems},
  author    = {Gu, Keqin and Chen, Jie and Kharitonov, Vladimir L},
  year      = {2003},
  publisher = {Springer Science \& Business Media}
}
@article{petersen1986riccati,
  title     = {A Riccati equation approach to the stabilization of uncertain linear systems},
  author    = {Petersen, Ian R and Hollot, Christopher V},
  journal   = {Automatica},
  volume    = {22},
  number    = {4},
  pages     = {397--411},
  year      = {1986},
  publisher = {Elsevier}
}
@book{boyd1994linear,
  title     = {Linear matrix inequalities in system and control theory},
  author    = {Boyd, Stephen and El Ghaoui, Laurent and Feron, Eric and Balakrishnan, Venkataramanan},
  year      = {1994},
  publisher = {SIAM}
}
@book{ogata1995discrete,
  title     = {Discrete-time control systems},
  author    = {Ogata, Katsuhiko},
  year      = {1995},
  publisher = {Prentice-Hall, Inc.}
}
@article{zhang2015all,
  title     = {All-wheel braking force allocation during a braking-in-turn maneuver for vehicles with the brake-by-wire system considering braking efficiency and stability},
  author    = {Zhang, Lei and Yu, Liangyao and Wang, Zhizhong and Zuo, Lei and Song, Jian},
  journal   = {IEEE Transactions on Vehicular Technology},
  volume    = {65},
  number    = {6},
  pages     = {4752--4767},
  year      = {2015},
  publisher = {IEEE}
}
